@Thesis{SMSpacecraft,
	keywords		= {english},
	hyphenation		= {english},
	author			= {Zarvani, Fatemeh},
	title		  	= {System Modelling for Spacecraft On-Board Computers},
	subtitle	  	= {Master of Science Thesis in the Programme Networks and Distributed Systems},
	institution		= {Department of Computer Science and Engineering, Chalmes University of Technology},
	type		  	= {masterthesis},
	location	  	= {Göteborg, Sweden},
	year		  	= {2010}
}


@Thesis{ModelingLcdLifeCycleSysml,
	keywords		= {english},
	hyphenation		= {english},
	author			= {Culler, Michael},
	title		  	= {Modeling Product Life Cycle networks in Sysml with a focus on LCD computer monitors},
	institution		= {Georgia Institute of Technology},
	type		  	= {masterthesis},
	location	  	= {Georgia, USA},
	year 		  	= {2010}
}

@Thesis{MBSESystemArchitectureNavalShipDesign,
	keywords		= {english},
	hyphenation		= {english},
	author			= {Tepper, Nadia A.},
	title		  	= {Exploring the use of Model-Based Systems Engineering (MBSE) to develop Systems Architectures in Naval Ship Design},
	institution		= {Department of Mechanical Engineering, MIT},
	type		  	= {masterthesis},
	year 		  	= {2010}
}

@Thesis{IntegratedApproachMBMechatronicDesign,
	keywords		= {english},
	hyphenation		= {english},
	author			= {Qamar, Ahsan},
	title		  	= {An Integrated Approach towards Model-Based Mechatronic Design},
	institution		= {Division of Mechatronics, Department of Machine Design, KTH-Royal Institute of Technology},
	type		  	= {masterthesis},
	location	  	= {Stockholm, Sweden},
	date 		  	= {2011}
}

@Thesis{UMLΕνσωματωμέναΣυστήματα,
	keywords		= {greek},
	hyphenation		= {greek},
	author			= {Αρετάκη, Αικατερίνη},
	title		  	= {Η UML στην ανάπτυξη ενσωματωμένων συστημάτων},
	institution		= {Τμήμα Ηλεκτρολόγων Μηχανικών και Τεχνολογίας Υπολογιστών, Πανεπιστήμιο Πατρών},
	type		  	= {Διπλωματική Εργασία},
	year 		  	= {2009}
}

@Book{IncoseSEH,
	keywords		= {english},
	hyphenation		= {english},
	author			= {Incose},
	title		  	= {Systems Engineering Handbook v.3},
	subtitle	  	= {A Guide for System Life Cycle Processes and Activities},
	institution		= {INCOSE},
	year		  	= {2006}
}

@Book{NetworkCentricWarfare,
	keywords		= {english},
	hyphenation		= {english},
	author			= {Alberts, D. and Garstka, J. and Stein, F.},
	title		  	= {Network Centric Warfare},
	edition			= {2nd Edition},
	publisher		= {CCRP Press},
	location		= {Washington, D.C.},
	year		  	= {1999}
}

@Book{APracticalGuideToSysML,
	keywords		= {english},
	hyphenation		= {english},
	author			= {Friedenthal, Sanford and Moore, Alan and Steiner, Rick},
	title		  	= {A Practical Guide to SysML},
	subtitle	  	= {The Systems Modeling Language},
	publisher		= {Elsevier Inc.},
	date		  	= {2008-08-07},
	isbn			= {978-0123743794}
}

@Book{NASASystemsEngineeringHandbook,
	keywords		= {english},
	hyphenation		= {english},
	author			= {National Aeronautics and Space Administration (NASA)},
	title		  	= {Systems Engineering Handbook},
	subtitle	  	= {SP-2007-6105 Rev 1},
	publisher		= {NASA},
	date		  	= {2007-12}
}

@Book{EngineeringComplexSystemsWithModelsAndObjects,
	keywords		= {english},
	hyphenation		= {english},
	author			= {Oliver, David W. and Kelliher, Timothy P. and Keegan, James G.},
	title		  	= {Engineering Complex Systems with Models and Objects},
	publisher		= {McGraw-Hill},
	date		  	= {1997}
}

@Book{ΕτυμολογικόΛεξικόΑρχαίαςΕλληνικής,
	keywords		= {english},
	hyphenation		= {english},
	author			= {Hofman J.B.},
	title		  	= {Etymologisches W\"orterbuch des Griechischen},
	publisher		= {McGraw-Hill},
	date		  	= {1950},
	translator		= {Παπανικολάου Αντώνιος},
	language		= {greek},
	origlanguage	= {german}
}

@Book{RescuingPrometheus,
	keywords		= {english},
	hyphenation		= {english},
	author			= {Hughes, Thomas Parke},
	title		  	= {Rescuing Prometheus},
	edition 		= {1st ed.},
	isbn 			= {0679411518},
	publisher		= {Pantheon Books, New York},
	pages 			= {372 p.},
	year 			= {1998},
	type 			= {Book},
	language 		= {English},
	catalogue-url 	= {http://nla.gov.au/nla.cat-vn400322},
}

@book{OperationalCircuitAnalysis:Bush1929,
	keywords		= {english},
	hyphenation		= {english},
  	title			= {Operational circuit analysis},
 	author			= {Bush, V. and Wiener, N.},
  	lccn			= {29007169},
  	url				= {http://books.google.gr/books?id=6hVHAAAAIAAJ},
  	year			= {1929},
  	publisher		= {J. Wiley \& sons, inc.}
}

@book{PrinciplesOfElectricalEngineering:Timbie1922,
	keywords		= {english},
	hyphenation		= {english},  	
  	title			= {Principles of Electrical Engineering},
  	author			= {Timbie, W.H. and Bush, V.},
  	lccn			= {22007092},
  	url				= {http://books.google.gr/books?id=LhkqAAAAYAAJ},
 	year			= {1922},
  	publisher		= {Wiley}
}

@book{PrinciplesOfScientificManagement:Taylor2004,
  	keywords		= {english},
	hyphenation		= {english},
	title			= {The Principles Of Scientific Management},
  	author			= {Taylor, F.W.},
  	isbn			= {9781419178849},
  	url				= {http://books.google.gr/books?id=5lwuQxr2-jYC},
  	year			= {2004},
  	publisher		= {Kessinger Publishing}
}

@book{EngineeringDesignASystematicApproach:Pahl1996,
  	keywords		= {english},
	hyphenation		= {english},
	title			= {Engineering Design: A Systematic Approach},
  	author			= {Pahl, G. and Beitz, W. and Wallace, K.},
  	isbn			= {9783540199175},
  	lccn			= {95010248},
  	url				= {http://books.google.gr/books?id=8fuhesYeJmkC},
  	year			= {1996},
  	publisher		= {Springer}
}

@book{EngineeringDesignOfSystemsModelsAndMethods:Buede2011,
	keywords		= {english},
	hyphenation		= {english},
	title			= {The Engineering Design of Systems: Models and Methods},
  	author			= {Buede, D.M.},
  	isbn			= {9781118210376},
  	series			= {Wiley Series in Systems Engineering and Management},
  	url				= {http://books.google.gr/books?id=4gHqQIaVncMC},
  	year			= {2011},
  	publisher		= {Wiley}
}

@book{DiscourseΟnMethod:Descartes,
	keywords		= {english},
	hyphenation		= {english},
    author 			= {Descartes, Rene},
    title 			= {Discourse on Method, 1637},
    publisher		= {Booksurge Llc},
    isbn			= {9781425009205},
    url				= {http://books.google.gr/books?id=XnX3xsR\_cvcC},
    year 			= {2006}
}

@Book{ΛόγοςΠερίΤηςΜεθόδουDescartes1976,
	keywords		= {english},
	hyphenation		= {greek},
	title 			= {Λόγος περί της μεθόδου : για την καλή καθοδήγηση του λογικού μας και την αναζήτηση της αλήθειας στις επιστήμες},
	publisher 		= {Παπαζήσης},
	translator		= {Χρ. Χρηστίδης},
	language		= {greek},
	origlanguage	= {french},
	author 			= {Descartes ,Rene},
	edition			= {2η έκδ. αναθ.},
	year			= {1976}
}

@book{HowToDoSystemAnalysis:Gibson2007,
	keywords		= {english},
	hyphenation		= {english},
	title			= {How to Do Systems Analysis},
  	author			= {Gibson, J.E. and Scherer, W.T. and Gibson, W.F.},
  	isbn			= {9780470130582},
  	series			= {Wiley Series in Systems Engineering and Management},
  	url				= {http://books.google.gr/books?id=QAVgtzXbiDgC},
  	year			= {2007},
  	publisher		= {Wiley}
}

@book{GeneralSystemsTheory:Bertalanffy1972,
	keywords		= {english},
	hyphenation		= {english},
  	title			= {General System Theory},
  	subtitle		= {Foundations, Development, Applications},
  	author			= {Von Bertalanffy, Ludwig},
  	edition			= {3rd},
  	year			= {1972},
  	publisher		= {George Brazilier, Inc}
}

@book{GeneralSystemsTheory:Skyttner2005,
	keywords		= {english},
	hyphenation		= {english},
 	title			= {General Systems Theory},
 	subtitle		= {Problems, Perspectives, Practice},
  	author			= {Lars Skyttner},
  	edition			= {2nd},
  	url				= {http://books.google.gr/books?id=tG6QKNgYs9sC},
  	year			= {2005},
  	publisher		= {World Scientific Publishing Co. Pte. Ltd.}
}

@book{BeforeTheWhiteManWasMaster:Marks2000,
	keywords		= {english},
	hyphenation		= {english},
  	title			= {Before "the White Man was Master and All White Men's Values Prevailed"?: Jan Smuts, Race and the South African War ; [lecture Given on the Invitation of the Institute of Economic and Social History and the Institute of Africanistic Studies, Both at University of Vienna, and the Southern Africa Documentation and Cooperation Centre (SADOCC) on 24th October 2000 in Vienna]},
  	author			= {Marks, S.},
  	isbn			= {9783901446061},
  	series			= {Studien zum s{\"u}dlichen Afrika / Studien zum s{\"u}dlichen Afrika},
  	url				= {http://www.sadocc.at/publ/marks.pdf},
  	year			= {2000},
  	publisher		= {Southern Africa Documentation and Cooperation Centre (SADOCC)}
}

@book{HolismAndEvolution:Smuts1926,
	keywords		= {english},
	hyphenation		= {english},
	author 			= {Smuts, Jan Christiaan},
  	title 			= {Holism and Evolution},
  	biburl			= {http://www.bibsonomy.org/bibtex/229b362a242dd34e713ce7d5b62b5f3eb/wujastyk},
  	publisher 		= {Macmillan and Co.},
  	year 			= {1926}
}

@book{OriginOfSpecies:Darwin1859,
	keywords		= {english},
	hyphenation		= {english},
  	author 			= {Darwin, Charles},
  	title 			= {On the origin of species by means of natural selection: Or, the preservation of favored races in the struggle for life},  	
  	edition 		= {1st ed.},
	publisher 		= {John Murray},	
  	year 			= {1859}
}

@book {InstrumentalReasoningAndSystemsMethodologym:Mattessich1978,
	keywords		= {english},
	hyphenation		= {english},
  	title			= {Instrumental Reasoning and Systems Methodology: An Epistemology of the Applied and Social Sciences},
  	author			= {Mattessich, R.},
  	isbn			= {9789027710819},
  	lccn			= {77026670},
  	series			= {Theory and Decision Library},
  	url				= {http://books.google.gr/books?id=hFylPwAACAAJ},
  	year			= {1978},
  	publisher		= {D. Reidel Publishing Company}
}

@book {AlexanderBogdanovAndTheOriginsOfSystemsThinkingInRussia,
	keywords		= {english},
	hyphenation		= {english},
  	title			= {Alexander Bogdanov and the origins of systems thinking in Russia},
  	author			= {Biggart, J. and Dudley, P. and King, F.},
  	isbn			= {9781859725474},
  	lccn			= {97076943},
  	url				= {http://books.google.gr/books?id=o6EfAQAAIAAJ},
  	year			= {1998},
  	publisher		= {Ashgate}
}

@book {EssaysInTektology:Bogdanov1984,
	keywords		= {english},
	hyphenation		= {english},  	
  	title			= {Essays in tektology : the general science of organization},
  	author			= {Bogdanov, Alexander},
  	translator		= {Gorelik, George},
	language		= {english},
	origlanguage	= {german},
	edition			= {2nd},
  	series			= {The Systems inquiry series},
  	year			= {1984},
  	publisher		= {Intersystems Publications}
}

@book{EconometricsBirdEyeView:Geweke2006,
	keywords		= {english},
	hyphenation		= {english},
  	title			= {Econometrics: A Bird's Eye View},
  	author			= {Geweke, J. and Horowitz, J. and Pesaran, H. and University of Cambridge. Faculty of Economics},
  	series			= {Working papers},
  	url				= {http://ftp.iza.org/dp2458.pdf},
  	year			= {2006},
  	publisher={University of Cambridge, Faculty of Economics}
}


@inbook{OriginAndEvolutionOfSystemsEngineering,
	keywords		= {english},
	hyphenation		= {english},
	author			= {Hofman J.B.},
	title		  	= {OriginAndEvolutionOfSystemsEngineering},
	booktitle		= {Systems Engineering Handbook},
	publisher		= {Incose},
	date		  	= {2000}
}

@inbook{MappingInterdisciplinaryResearch:Borner2010,
	keywords		= {english},
	hyphenation		= {english},
	author			= {B\"orner, Katy and Boyack, Kevin W.},
	title		  	= {Mapping Interdisciplinary Research},
	booktitle		= {Oxford Handbook of Interdisciplinarity},
	pages			= {457-460},
	editor 			= {Frodeman, Robert and Klein, Julie Thompson and Mitcham, Carl},
	publisher		= {Oxford University Press},
	date		  	= {2010}
}

@inbook{SystemsThinking:STRIJBOS2010,
	keywords		= {english},
	hyphenation		= {english},
	author			= {Strijbos, Sytse},
	title		  	= {Systems thinking},
	booktitle		= {Oxford Handbook of Interdisciplinarity},
	pages			= {457-460},
	editor 			= {Frodeman, Robert and Klein, Julie Thompson and Mitcham, Carl},
	publisher		= {Oxford University Press},
	date		  	= {2010}
}

@Inproceedings{SimBasedDesignP1,
	keywords		= {english},
	hyphenation		= {english},
	author			= {Peak, Russell S. and Burkhart, Roger M. and Friedenthal, Sanford A. and Miyako, Wilson W. and Bajaj, Manas and Injoong, Kim},
	title			= {Simulation-Based Design Using SysML Part 1- A Parametrics Primer},
	institution		= {Georgia Tech, Deere & Co., and Lockheed Martin Corp.},
	publisher		= {INCOSE},
	eventtitle		= {INCOSE Intl. Symposium, San Diego},
	year			= {2007}
}

@Inproceedings{SimBasedDesignP2,
	keywords		= {english},
	hyphenation		= {english},
	author			= {Peak, Russell S. and Burkhart, Roger M. and Friedenthal, Sanford A. and Miyako, Wilson W. and Bajaj, Manas and Injoong, Kim},
	title			= {Simulation-Based Design Using SysML Part 2- Celebrating Diversity by Example},
	institution		= {Georgia Tech, Deere & Co., and Lockheed Martin Corp.},
	publisher		= {INCOSE},
	eventtitle		= {INCOSE Intl. Symposium, San Diego},
	year			= {2007}
}

@Inproceedings{MultilanguageDesignHeterogeneousSystems,
	keywords		= {english},
	hyphenation		= {english},
	author			= {Coste, P. and Hessel, F. and LE Marrec, PH. and Sugar, Z. and RomDhani, M. and Suescun, R. and Zergainoh, N. and Jerraya, A.A.},
	title			= {Multilanguage Design of Heterogeneous Systems},
	editor		 	= {IEEE},
	booktitle		= {Proceedings of the Seventh International Workshop on Hardware/Software Codesign},
	year			= {1999},
	eventtitle		= {CODES'99},
	location		= {Rome, Italy},
	pages			= {54-58}
}

@Inproceedings{ModelBasedBMechatronisSysMLMatlab,
	keywords		= {english},
	hyphenation		= {english},
	author			= {Qamar, A. and During, C. and Wikander, J.},
	title			= {Designing mechatronic systems, a model-based perspective, an attempt to achieve SysML-Matlab/Simulink model integration},
	editor		 	= {IEEE},
	booktitle		= {IEEE/ASME International Conference on Advanced Intelligent Mechatronics},
	date			= {2009-07-14},
	eventtitle		= {AIM 2009},
	location		= {Singapore},
	pages			= {1306-1311},
	isbn			= {978-1-4244-2852-6}
}

@Inproceedings{SysMLDigitalEngineering,
	keywords		= {english},
	hyphenation		= {english},
	author 			= "G{\"u}demann, Matthias and Stefan Kegel and Ortmeier, Frank and Olaf Poenicke and Klaus Richter",
	title			= {SysML in Digital Engineering},
	editors		 	= {Saake, Gunter and K{\"o}ppen, Veit},
	booktitle		= {Proceedings of the First International Workshop on Digital Engineering},
	year			= {2010},
	eventtitle		= {IWDE '10},
	pages			= {1-8},
	isbn			= {978-1-60558-992-3}
}

@Inproceedings{MDAforSE,
	keywords		= {english},
	hyphenation		= {english},
	author 			= "Cloutier, Robert",
	title			= {Model Driven Architecture for Systems Engineering},
	booktitle		= {Conference on Systems Engineerong Research},
	date			= {04-04-2008},
	eventtitle		= {CSER 2008},
	pages			= {1-8},
	isbn			= {978-0-9814980-0-3}
}

@inproceedings{TheMechatronicComponent:Thramboulidis2008,
	keywords		= {english},
	hyphenation		= {english},
  	title 			= {Challenges in the development of Mechatronic systems: The Mechatronic Component},
  	author = {Kleanthis Thramboulidis},
  	year = {2008},
  	doi = {http://dx.doi.org/10.1109/ETFA.2008.4638462},
  	pages = {624-631},
  	booktitle = {Proceedings of 13th IEEE International Conference on Emerging Technologies and Factory Automation, ETFA 2008, September 15-18, 2008, Hamburg, Germany},
  	publisher = {IEEE}
}

@inproceedings{IntegratingThe3+1SysnlViewModelWithSafetyEngineering:Thramboulidis2010,
	keywords		= {english},
	hyphenation		= {english},
  	author    		= {Kleanthis Thramboulidis and
               Sven Scholz},
  	title     		= {Integrating the 3+1 SysML view model with safety engineering},
  	booktitle 		= {ETFA},
  	year      		= {2010},
  	pages     		= {1-8},
  	ee        		= {http://doi.ieeecomputersociety.org/10.1109/ETFA.2010.5641353}
}

@inproceedings{,
	keywords		= 3+1SysmlViewModelForIEC61499FBContolSystems:Thramboulidis2010{english},
	hyphenation		= {english},
	author			= {Thramboulidis, K. and Buda, A.},
	booktitle		= {Industrial Informatics (INDIN), 2010 8th IEEE International Conference on},
	title			= {3+1 SysML view model for IEC61499 Function Block control systems},
	year			= {2010},
	month			= {july},
	volume			= {},
	number			= {},
	pages			= {175 -180},
	doi				= {10.1109/INDIN.2010.5549440},
	ISSN			= {}
}

@Report{SoCSysMLSystemC,
	keywords		= {english},
	hyphenation		= {english},
	author			= {Prevostini, Mauro and Zamsa, Elena},
	title			= {SysML Profile fos SoC Design and SystemC Transformation},
	institution		= {Faculty of Informatics, University of Lugano},
	date			= {2007-05-11}
}

@Report{ProcessingSysPar,
	keywords		= {english},
	hyphenation		= {english},
	author			= {Larsen, Jens and Muth, Thomas and Herzberg, Dominikus},
	title			= {A fresh view on model-based systems engineering: The processing system paradigm},
	institution		= {AB Vascaia and Ericsson Eurolab Deutschland GmbH and Ericsson Research Canada},
	date			= {}
}

@Report{MBEStrategicPlanActivity,
	keywords		= {english},
	hyphenation		= {english},
	author			= {Loyd Baker, Jr.},
	title			= {Lessons Learned Applying Model-Based System Engineering Methods to a Strategic Planning Activity},
	institution		= {Vitech Corporation, Huntsville, Alabama},
	date			= {}
}

@Report{SMWirelessSensorNetwork,
	keywords		= {english},
	hyphenation		= {english},
	author			= {Sachdeva, Gautam and Dömer, Rainer and Chou, Pai},
	title			= {System Modeling : A Case Study on a Wireless Sensor Network},
	type			= {Technical Report},
	institution		= {Center for Embedded Computer System, University of California, Irvine USA},
	date			= {2005-06-15},
	note			= {CECS-TR-05-12}
}

@Report{FoundationalConceptsMDSD,
	keywords		= {english},
	hyphenation		= {english},
	author			= {Baker, Loyd and Clemente, Paul and Cohen, Bob and Permenter, Larry and Purves, Byron and Salmon, Pete},
	title			= {Foundational Concepts for Model Driven System Design},
	type			= {paper},
	institution		= {Model Driven System Design Working Group, INCOSE},
	year			= {1996}
}

@Report{MechatronicsMulti-DomainModels,
	keywords		= {english},
	hyphenation		= {english},
	author			= {Qamar, Ahsan and Torngren, Martin and Wikander, Jan and During, Carl},
	title			= {Integrating Multi-Domain Models for the Design and Development of Mechatronic Systems},
	type			= {paper},
	institution		= {Department of Machine Design, Micronic Laser Systems AB, INCOSE},
	year			= {2010}
}

@Report{EIA632,
	keywords		= {english},
	hyphenation		= {english},
	author			= {Geia},
	title			= {EIA-632},
	subtilte		= {Processes for Engineering a System},
	type			= {Standard},
	institution		= {Geia, A Sector of the Electronic Industries Alliance},
	year			= {1999}
}

@Report{HistoricalPerspectivesOnSystemsThinkingInEngineering,
	keywords		= {english},
	hyphenation		= {english},
	author			= {Mindell, David A.},
	title			= {Bodies, ideas and dynamics : Historical Perspectives on Systems Thinking in Engineering},
	type			= {internal symbosium},
	institution		= {Massachusetts Institute of Technology, Engineering Systems Division},
	year			= {2002},
	month			= {May}
}

@Article{MDSysDevelIBM,
	keywords		= {english},
	hyphenation		= {english},
	author			= {Balmelli, L. and Brown, D. and Cantor, M. and Mott, M.},
	title			= {Model-driven systems development},
	journaltitle 	= {IBM Systems Journal},
	volume			= {45},
	number			= {3},
	year			= {2006}
}

@Article{JournalDefenseMogyorodi,
	keywords		= {english},
	hyphenation		= {english},
	author			= {Mogyorodi, G. E.},
	title			= {What Is Requirements-Based Testing?},
	journaltitle 	= {Crosstalk, The Journal of Defense Software Engineering},
	volume			= {16},
	number			= {3},
	date			= {03/2003}
}

@Article{SLDPlatformBasedDesign,
	keywords		= {english},
	hyphenation		= {english},
	author			= {Keutzer, K. and Malik, S. and Newton, R. and Rabaey, J. and Sangiovanni-Vincentelli, A.},
	title			= {System Level Design: Orthogonalization of Concerns and Platform-Based Design},
	journaltitle 	= {IEEE Transactions on Computer-Aided Design of Circuits and Systems},
	volume			= {19},
	number			= {12},
	date			= {2000-12}
}

@Article{MBSEVariabilityGreenEnergy,
	keywords		= {english},
	hyphenation		= {english},
	author			= {Trujillo, Salvador and Garate, Jose Miguel and Lopez-Herrejon, Roberto Erick and Mendialdua, Xabier and Rosado, Albert and Egyed, Alexander and Krueger, Charles W. and de Sosa, Josune},
	title			= {Coping with Variability in Model-Based Systems Engineering: An Experience in Green Energy},
	journaltitle 	= {Modelling Foundations and Applications, Lecture Notes in Computer Science},
	volume			= {6138},
	pages			= {293},
	year			= {2010},
	isbn			= {978-3-642-13594-1},
	editor			= {Springer-Verlag Berlin Heidelberg}
}

@Article {Dictionary.com,
	keywords		= {english},
	hyphenation		= {english},
    title 			= {Online Etymology Dictionary},
    month			= {July},
    day 			= {30},
    year 			= {2012},
    url 			= {http://dictionary.reference.com/},
}

@Article {AGreek-EnglishLexiconHenryGeorgeLiddellRobertScott,
	keywords		= {english},
	hyphenation		= {english},
    title 			= {Henry George Liddell, Robert Scott, A Greek-English Lexicon},
    month 			= {July},
    day 			= {30},
    year			= {2012},
    url 			= {http://www.perseus.tufts.edu/hopper/},
}

@Article {ClothesMakeTheHuMan,
	keywords		= {english},
	hyphenation		= {english},
	author			= {Balter, Michael},
    title 			= {Clothes Make the (Hu) Man},
    journaltitle	= {Science},
    volume			= {325},
    number			= {5946},
    page			= {1329},
    month 			= {September},
    day 			= {11},
    year			= {2009},
    url 			= {http://www.sciencemag.org/content/325/5946/1329.1.full},
}

@Article {MiddleStoneAgeBoneToolsFromTheHowiesonsPoortLayers,
	keywords		= {english},
	hyphenation		= {english},
	author			= {Backwell, Lucinda and d'Errico, Francesco and Wadley, Lyn},
    title 			= {Middle Stone Age bone tools from the Howiesons Poort layers, Sibudu Cave, South Africa},
    journaltitle	= {Journal of Archaeological Science},
    volume			= {35},
    number			= {6},
    page			= {1566-1580},
    month 			= {June},
    year			= {2008},
    url 			= {http://www.sciencedirect.com/science/article/pii/S0305440307002142},
}

@Article {TheHistoryΑndStatusΟfGeneralSystemsTheory:Bertalanffy,
	keywords		= {english},
	hyphenation		= {english},
	author			= {Von Bertalanffy, Ludwig},
    title 			= {The History and Status of General Systems Theory},
    journaltitle	= {The Academy of Management Journal},
    volume			= {15},
    number			= {4},
    page			= {407-426},
    month 			= {December},
    year			= {1972}
}

@Article {OnTheLawWhichHasRegulatedTheIntroductionOfNewSpecies:Wallace1840,
	keywords		= {english},
	hyphenation		= {english},
	author			= {Wallace, Alfred Russel},
	title 			= {On the Law which has regulated the Introduction of New Species},
	journaltitle	= {Annals and Magazine of Natural History},
	volume 			= {2nd ser. v.16},
	pages			= {184-196},
	year 			= {1855}	
}

@Article{AleksandrBogdanovAndSystemsTheory:Arran2000,
	keywords		= {english},
	hyphenation		= {english},
	author 			= {Gare, Arran},
	title 			= {Aleksandr Bogdanov and Systems Theory},
	journal 		= {Democracy \& Nature},
	volume 			= {6},
	number 			= {3},
	pages 			= {341-359},
	year 			= {2000},
	doi 			= {10.1080/10855660020020230},
	URL 			= {http://www.tandfonline.com/doi/abs/10.1080/10855660020020230},
	eprint			 = {http://www.tandfonline.com/doi/pdf/10.1080/10855660020020230}
}

@Article{SystemsTheoryADiscreditedPhilosophy:Phillips1969,
	keywords		= {english},
	hyphenation		= {english},
	author			= {Phillips, D.C.},
	title			= {Systems Theory — A Discredited Philosophy},
	journal			= {Abacus},
	volume			= {5},
	number			= {1},
	pages			= {3-15},
	month			= {September},
	year			= {1969},
	doi				= {10.1111/j.1467-6281.1969.tb00157.x}
}

@Article{LifeAndMechanism:Haldane1884,
	keywords			= {english},
	hyphenation			= {english},
	jstor_articletype 	= {research-article},
    title 				= {Life and Mechanism},
    author 				= {Haldane, J. S.},
    journal 			= {Mind},
    jstor_issuetitle 	= {},
    volume 				= {9},
    number 				= {33},
    jstor_formatteddate = {Jan., 1884},
    pages 				= {pp. 27-47},
    url					= {http://www.jstor.org/stable/2246789},
    ISSN 				= {00264423},
    year 				= {1884},
    publisher 			= {Oxford University Press on behalf of the Mind Association},
    copyright 			= {Copyright © 1884 Oxford University Press}
}

@Article{MechanisticExplanationAndOrganismicBiology:Nagel1951,
	keywords			= {english},
	hyphenation			= {english},
    title 				= {Mechanistic Explanation and Organismic Biology},
    author 				= {Nagel, Ernest},
    journal 			= {Philosophy and Phenomenological Research},
    volume 				= {11},
    number 				= {3},
    pages 				= {pp. 327-338},
    url 				= {http://www.jstor.org/stable/2103537},
    ISSN 				= {00318205},
    month				= {March},
    year 				= {1951},
    publisher 			= {International Phenomenological Society},
    copyright 			= {Copyright © 1951 International Phenomenological Society},
}

@Article{TheProbabilityApproachInEconometrics:Trygne1944,
	keywords			= {english},
	hyphenation			= {english},
	title 				= {The Probability Approach in Econometrics},
    author = {Haavelmo, Trygve},
    journal = {Econometrica},
    volume = {12},
 	pages = {pp. iii-vi+1-115},
    url = {http://www.jstor.org/stable/1906935},
    ISSN = {00129682},
    year = {1944},
    publisher = {The Econometric Society},
    copyright = {Copyright © 1944 The Econometric Society},
    }
    
@Article{EconometricaEditorial:Frisch1933,
	keywords			= {english},
	hyphenation			= {english},
    title = {Editor's Note},
    author = {Frisch, Ragnar},
    journal = {Econometrica},
    volume = {1},
    number = {1},
    pages = {pp. 1-4},
    url = {http://www.jstor.org/stable/1912224},
    ISSN = {00129682},
    year = {1933},
    publisher = {The Econometric Society},
    copyright = {Copyright © 1933 The Econometric Society},
}

@ARTICLE{ModelIntegratedMechatronics:Thramboulidis2005,
	keywords			= {english},
	hyphenation			= {english},
    author 				= {Kleanthis Thramboulidis},
    title 				= {Model-Integrated Mechatronics – Toward a New Paradigm in the Development of Manufacturing Systems},
    journal 			= {IEEE Transactions on Industrial Informatics},
    year 				= {2005},
    volume 				= {1},
    pages 				= {54--61}
}

@article{The3+1SysmlView-ModelInMIM:Thramboulidis2010,
	keywords			= {english},
	hyphenation			= {english},
	title 				= {The 3+1 SysML View-Model in Model Integrated Mechatronics},
  	author 				= {Kleanthis Thramboulidis},
	journal 			= {IEEE Transactions on Industrial Informatics},
	pages				= {109--118},
	year				= {2010}
}


@Manual{OverviewMPSStations,
	keywords		= {english},
	hyphenation		= {english},
	author			= {Festo Didactic GmbH \& Co.},
	title			= {Overview of MPS\textregistered Stations},
	type			= {technical paper},
	url				= {http://www.festo-didactic.com/ov3/media/customers/1100/00429303001075223804.pdf},
	urldate			= {lastly accessed : 08-2011}
}

@Manual{FestoMPSDistributionStationManual,
	keywords		= {english},
	hyphenation		= {english},
	author			= {Festo Didactic GmbH \& Co.},
	title			= {Distribution Station Manual 648811},
	type			= {manual},
	url				= {http://www.festo-didactic.com/int-en/learning-systems/courseware/mechatronic-learning-systems/training-documentation/training-documentation-mps-distribution-station.htm?fbid=aW50LmVuLjU1Ny4xNy4xOC41MjYuNDQ1NQ},
	urldate			= {lastly accessed : 08-2011}
}

@Manual{FestoChangerModuleManual,
	keywords		= {english},
	hyphenation		= {english},
	author			= {Festo Didactic GmbH \& Co.},
	title			= {Changer module Manual 527435},
	type			= {manual},
	url				= {http://www.festo-didactic.com/int-en/services/printed-media/data-sheets/mps-mechatronics/changer-module-manual-527435.htm?fbid=aW50LmVuLjU1Ny4xNy4zMi4xMDkzLjU2MjQ},
	urldate			= {lastly accessed : 08-2011}
}

@Manual{FestoStackMagazineModuleManual,
	keywords		= {english},
	hyphenation		= {english},
	author			= {Festo Didactic GmbH \& Co.},
	title			= {Stack magazine module Manual 527434},
	type			= {manual},
	url				= {http://www.festo-didactic.com/int-en/services/printed-media/data-sheets/mps-mechatronics/stack-magazine-module-manual-527434.htm?fbid=aW50LmVuLjU1Ny4xNy4zMi4xMDkzLjU2MjM},
	urldate			= {lastly accessed : 08-2011}
}

@Manual{FestoMPSTestingStationManual,
	keywords		= {english},
	hyphenation		= {english},
	author			= {Festo Didactic GmbH \& Co.},
	title			= {Testing Station Manual 648812},
	type			= {manual},
	url				= {http://www.festo-didactic.com/int-en/learning-systems/mps-the-modular-production-system/stations/focus-on-sensors-testing-station.htm},
	urldate			= {lastly accessed : 08-2011}
}

@Manual{FestoMPSProcessingStationManual,
	keywords		= {english},
	hyphenation		= {english},
	author			= {Festo Didactic GmbH \& Co.},
	title			= {Processing Station Manual 648813},
	type			= {manual},
	url				= {http://www.festo-didactic.com/int-en/learning-systems/mps-the-modular-production-system/stations/processing-station-purely-electrical.htm},
	urldate			= {lastly accessed : 08-2011}
}

@Manual{FestoMPSHandlingStationManual,
	keywords		= {english},
	hyphenation		= {english},
	author			= {Festo Didactic GmbH \& Co.},
	title			= {Handling Station Manual 655633},
	type			= {manual},
	url				= {http://www.festo-didactic.com/int-en/learning-systems/mps-the-modular-production-system/stations/handling-station,pneumatic-all-rounder-with-pneumatic-linear-drive.htm?fbid=aW50LmVuLjU1Ny4xNy4xOC42MDYuMzk0Ng},
	urldate			= {lastly accessed : 08-2011}
}

@Online{PhotosFestoMPSUniversityHalle,
	keywords		= {english},
	hyphenation		= {english},
	author			= {Hirsch, Martin and Helwig, Marco},
	title			= {FESTO - Modular Production System},
	institution		= {Martin Luther University of Halle},
	url				= {http://www.ece.auckland.ac.nz/~vyatkin/halle/index.htm},
	year			= {2005},
	note			= {lastly accessed : 08-2011}
}

@Online{ΤοΦυσικόΣύστημαFestoMPS,
	keywords		= {greek},
	hyphenation		= {greek},
	author			= {Θραμπουλίδης, Κλεάνθης},
	title			= {Κεφάλαιο 5: Το φυσικό σύστημα},
	institution		= {Τμήμα Ηλεκτρολόγων Μηχανικών και Τεχνολογίας Υπολογιστών, Πανεπιστήμιο Πατρών},
	url				= {http://seg.ece.upatras.gr/Courses/SE/docs/FestoMPSDescription.pdf},
	note			= {τελευταία προσπέλαση : 08-2011}
}

@Online{PontDuGard,
	keywords		= {english},
	hyphenation		= {english},
	title			= {Adequeduct of Pont du Gard},
	url				= {http://www.pontdugard.fr/en},
	note			= {τελευταία προσπέλαση : 08-2012}
}

@Online{ΜηχανισμόςΑντικυθήρων,
	keywords		= {greek},
	hyphenation		= {greek},
	title			= {Μηχανισμός των Αντικυθήρων},
	url				= {http://www.antikythera-mechanism.gr/},
	note			= {τελευταία προσπέλαση : 08-2012}
}

@Online{ΜηχανισμόςΑντικυθήρωνWikipedia,
	keywords		= {english},
	hyphenation		= {english},
	title			= {Anticythira Mechanism},
	url				= {http://commons.wikimedia.org/wiki/File:NAMA_Machine_d%27Anticyth%C3%A8re_1.jpg},
	note			= {τελευταία προσπέλαση : 08-2012}
}

@Online{ΕπτάΘαύματαΑρχαίουΚόσμου,
	keywords		= {greek},
	hyphenation		= {greek},
	title			= {Επτά θαύματα του αρχαίου κόσμου},
	url				= {http://el.wikipedia.org/wiki/%CE%95%CF%80%CF%84%CE%AC_%CE%B8%CE%B1%CF%8D%CE%BC%CE%B1%CF%84%CE%B1_%CF%84%CE%BF%CF%85_%CE%B1%CF%81%CF%87%CE%B1%CE%AF%CE%BF%CF%85_%CE%BA%CF%8C%CF%83%CE%BC%CE%BF%CF%85},
	note			= {τελευταία προσπέλαση : 08-2012}
}

